<record><leader>00000cas a22000007a 4500</leader><controlfield tag="001">27084381</controlfield><controlfield tag="008">921208d18781880caudn ne      0    0eng d</controlfield><datafield ind1=" " ind2=" " tag="010"><subfield code="a">sn 92070154 </subfield></datafield><datafield ind1=" " ind2=" " tag="040"><subfield code="a">CNK</subfield><subfield code="b">eng</subfield><subfield code="c">CNK</subfield><subfield code="d">OCLCQ</subfield></datafield><datafield ind1=" " ind2=" " tag="042"><subfield code="a">msc</subfield></datafield><datafield ind1="0" ind2="0" tag="245"><subfield code="a">Daily Bodie standard.</subfield></datafield><datafield ind1=" " ind2=" " tag="260"><subfield code="a">Bodie, Mono County, Cal. :</subfield><subfield code="b">Harris &amp; Elliott</subfield></datafield><datafield ind1=" " ind2=" " tag="300"><subfield code="a">v.</subfield></datafield><datafield ind1=" " ind2=" " tag="310"><subfield code="a">Daily (except Sun.)</subfield></datafield><datafield ind1="1" ind2=" " tag="362"><subfield code="a">Began in 1878.</subfield></datafield><datafield ind1="0" ind2=" " tag="362"><subfield code="a">-v. 3, no. 183 (July 20, 1880).</subfield></datafield><datafield ind1=" " ind2=" " tag="588"><subfield code="a">Description based on: Vol. 1, no. 17 (Dec. 10, 1878).</subfield></datafield><datafield ind1=" " ind2="4" tag="651"><subfield code="a">Bodie (Calif.)</subfield><subfield code="v">Newspapers.</subfield></datafield><datafield ind1=" " ind2=" " tag="752"><subfield code="a">United States</subfield><subfield code="b">California</subfield><subfield code="c">Mono</subfield><subfield code="d">Bodie.</subfield></datafield><datafield ind1="0" ind2=" " tag="775"><subfield code="t">Bodie weekly standard</subfield><subfield code="w">(DLC)sn 93052610</subfield></datafield><datafield ind1="0" ind2=" " tag="775"><subfield code="t">Weekly Bodie standard</subfield><subfield code="w">(DLC)sn 93052611</subfield></datafield><datafield ind1="0" ind2="7" tag="785"><subfield code="t">Bodie daily news</subfield><subfield code="w">(DLC)sn 93052607</subfield></datafield><datafield ind1="0" ind2="7" tag="785"><subfield code="t">Bodie standard-news</subfield><subfield code="w">(DLC)sn 93052608</subfield></datafield><datafield ind1="1" ind2=" " tag="029"><subfield code="a">AU@</subfield><subfield code="b">000020746041</subfield></datafield></record>